|0000|LECD|01012018|31122018|Ocean Network Express (Latin America)|28689596000106|SP|112066369116|3550308|94258309||3|1|0||1|0||N|N|
|0001|0|
|0007|SP|112066369116|
|0990|4|
|I001|0|
|I010|G|7.00|
|I030|TERMO DE ABERTURA|1|G - DIARIO GERAL|718685|Ocean Network Express (Latin America)|35207509149|57621054000191|01012018|31122018|SAO PAULO|31122018|
|I050|29052019|01|S|1|10000000||CASH ON HAND|
|I050|29052019|02|S|1|20000000||CHEQUE PAYABLE|
|I050|29052019|03|S|1|30000000||CAPITAL|
|I050|29052019|03|S|1|40000000||AG FEE RE(COMISSION)|
|I050|29052019|03|S|1|50000000||EQ M&R-OTHERS|
|I050|29052019|03|S|1|60000000||CURR INCOME TAX-IRPJ|
|I050|29052019|03|S|1|90000000||CC CLEARING ACCOUNT|
|I050|29052019|01|S|2|11000000|10000000|CASH ON HAND|
|I050|29052019|01|S|2|15000000|10000000|STRUCTURE|
|I050|29052019|02|S|2|21000000|20000000|CHEQUE PAYABLE|
|I050|29052019|03|S|2|31000000|30000000|CAPITAL|
|I050|29052019|03|S|2|41000000|40000000|AG FEE RE(COMISSION)|
|I050|29052019|03|S|2|45000000|40000000|GAIN FX REAL OP|
|I050|29052019|03|S|2|47000000|40000000|INTEREST INCOME|
|I050|29052019|03|S|2|51000000|50000000|EQ M&R-OTHERS|
|I050|29052019|03|S|2|55000000|50000000|LOSS FX REAL OP|
|I050|29052019|03|S|2|57000000|50000000|FINANCE EXP-INTEREST|
|I050|29052019|03|S|2|61000000|60000000|CURR INCOME TAX-IRPJ|
|I050|29052019|03|S|2|91000000|90000000|CC CLEARING ACCOUNT|
|I050|29052019|03|S|2|93000000|90000000|ASSET TECHNICAL ACCT|
|I050|29052019|03|S|2|97000000|90000000|OFFSET-FLT-AR/AP|
|I050|29052019|03|S|2|99000000|90000000|MIGRATION/BS|
|I050|29052019|01|S|3|11100000|11000000|CASH ON HAND|
|I050|29052019|01|S|3|11200000|11000000|BNP ST FD USD|
|I050|29052019|01|S|3|11300000|11000000|AR-NOTE-FX.VAL.CLEAR|
|I050|29052019|01|S|3|11500000|11000000|CP LT PREP-OP ORS|
|I050|29052019|01|S|3|11600000|11000000|ST DFRD TAX-IRPJ|
|I050|29052019|01|S|3|11900000|11000000|SUSPENSE PMT-OTHERS|
|I050|29052019|01|S|3|15100000|15000000|STRUCTURE|
|I050|29052019|01|S|3|15200000|15000000|SOFTWARE|
|I050|29052019|01|S|3|15900000|15000000|OTH NON CURRENT AST|
|I050|29052019|02|S|3|21100000|21000000|CHEQUE PAYABLE|
|I050|29052019|02|S|3|21200000|21000000|DPSTS TAXES-ISS|
|I050|29052019|02|S|3|21300000|21000000|PROV-BONUSES|
|I050|29052019|02|S|3|21400000|21000000|CP LT LS LIAB-ORS EQ|
|I050|29052019|02|S|3|21900000|21000000|ST SUSPENSE RECEIPT|
|I050|29052019|03|S|3|31100000|31000000|CAPITAL|
|I050|29052019|03|S|3|31300000|31000000|UNAPP RETAINED EARN|
|I050|29052019|03|S|3|31400000|31000000|TREASURY SHARE|
|I050|29052019|03|S|3|41200000|41000000|AG FEE RE(COMISSION)|
|I050|29052019|03|S|3|45100000|45000000|GAIN FX REAL OP|
|I050|29052019|03|S|3|47100000|47000000|INTEREST INCOME|
|I050|29052019|03|S|3|51100000|51000000|EQ M&R-OTHERS|
|I050|29052019|03|S|3|51200000|51000000|CASH DISCOUNT|
|I050|29052019|03|S|3|51500000|51000000|PSNL COSTS-SALARIES|
|I050|29052019|03|S|3|55100000|55000000|LOSS FX REAL OP|
|I050|29052019|03|S|3|57100000|57000000|FINANCE EXP-INTEREST|
|I050|29052019|03|S|3|61100000|61000000|CURR INCOME TAX-IRPJ|
|I050|29052019|03|S|3|91100000|91000000|CC CLEARING ACCOUNT|
|I050|29052019|03|S|3|93100000|93000000|ASSET TECHNICAL ACCT|
|I050|29052019|03|S|3|97100000|97000000|OFFSET-FLT-AR/AP|
|I050|29052019|03|S|3|99900000|99000000|MIGRATION/BS|
|I050|29052019|01|A|4|11101010|11100000|CASH ON HAND|
|I052||ATIVO|
|I050|29052019|01|A|4|11101020|11100000|PETTY CASH|
|I052||ATIVO|
|I050|29052019|01|A|4|11101021|11100000|PETTY CASH-FC|
|I052||ATIVO|
|I050|29052019|01|A|4|11215010|11200000|BNP ST FD USD|
|I052||ATIVO|
|I050|29052019|01|A|4|11219010|11200000|CP LT-FIXED DEPOSIT|
|I052||ATIVO|
|I050|29052019|01|A|4|11235101|11200000|HSBC-CORP-BRL-3376|
|I052||ATIVO|
|I050|29052019|01|A|4|11235102|11200000|HSBC-LINER-BRL-3384|
|I052||ATIVO|
|I050|29052019|01|A|4|11235103|11200000|HSBC-LINER-BRL-|
|I052||ATIVO|
|I050|29052019|01|A|4|11245101|11200000|CITI-LINER-BRL-|
|I052||ATIVO|
|I050|29052019|01|A|4|11275101|11200000|BTMU-LINER-BRL-|
|I052||ATIVO|
|I050|29052019|01|A|4|11301098|11300000|AR-NOTE-FX.VAL.CLEAR|
|I052||ATIVO|
|I050|29052019|01|A|4|11302099|11300000|AR-TRADE OTHERS|
|I052||ATIVO|
|I050|29052019|01|A|4|11304010|11300000|AR-N ADVAN TO EMPYS|
|I052||ATIVO|
|I050|29052019|01|A|4|11304011|11300000|AR-O ADV TO EMPYS-TR|
|I052||ATIVO|
|I050|29052019|01|A|4|11304012|11300000|AR-N CORPORATE CC|
|I052||ATIVO|
|I050|29052019|01|A|4|11304030|11300000|AR-INTERCOMPANY|
|I052||ATIVO|
|I050|29052019|01|A|4|11308010|11300000|AR-ONE (GHQ) AC|
|I052||ATIVO|
|I050|29052019|01|A|4|11502099|11500000|CP LT PREP-OP ORS|
|I052||ATIVO|
|I050|29052019|01|A|4|11503020|11500000|PREPAID INSURANCE|
|I052||ATIVO|
|I050|29052019|01|A|4|11503050|11500000|PREPAID ASSET ACQ|
|I052||ATIVO|
|I050|29052019|01|A|4|11503099|11500000|OTH PREPAID EXP|
|I052||ATIVO|
|I050|29052019|01|A|4|11504099|11500000|CP LT PREP-NO OP ORS|
|I052||ATIVO|
|I050|29052019|01|A|4|11505024|11500000|PREPAID TAXES-IRPJ|
|I052||ATIVO|
|I050|29052019|01|A|4|11505030|11500000|PREPAID TAXES-WHT|
|I052||ATIVO|
|I050|29052019|01|A|4|11621011|11600000|ST DFRD TAX-IRPJ|
|I052||ATIVO|
|I050|29052019|01|A|4|11621012|11600000|ST DFRD TAX-CSLL|
|I052||ATIVO|
|I050|29052019|01|A|4|11921099|11900000|SUSPENSE PMT-OTHERS|
|I052||ATIVO|
|I050|29052019|01|A|4|15100310|15100000|STRUCTURE|
|I052||ATIVO|
|I050|29052019|01|A|4|15100350|15100000|ACCDEPR-STRUCTURE|
|I052||ATIVO|
|I050|29052019|01|A|4|15100410|15100000|MACHINERY&EQUIPMENT|
|I052||ATIVO|
|I050|29052019|01|A|4|15100450|15100000|ACCDEPR-MACHINE&EQP|
|I052||ATIVO|
|I050|29052019|01|A|4|15100910|15100000|VEHICLES|
|I052||ATIVO|
|I050|29052019|01|A|4|15100950|15100000|ACCDEPR-VEHICLES|
|I052||ATIVO|
|I050|29052019|01|A|4|15101010|15100000|TOOLS&FURNITURE|
|I052||ATIVO|
|I050|29052019|01|A|4|15101050|15100000|ACCDEPR-TOOL&FURN|
|I052||ATIVO|
|I050|29052019|01|A|4|15101310|15100000|PC & IT EQUIPMENT|
|I052||ATIVO|
|I050|29052019|01|A|4|15101350|15100000|ACCDEPR-PC & IT EQP|
|I052||ATIVO|
|I050|29052019|01|A|4|15111310|15100000|FL-PC & IT EQUIPMENT|
|I052||ATIVO|
|I050|29052019|01|A|4|15111350|15100000|ACCDEPR-FL-PC&IT EQP|
|I052||ATIVO|
|I050|29052019|01|A|4|15201010|15200000|SOFTWARE|
|I052||ATIVO|
|I050|29052019|01|A|4|15201050|15200000|ACCAMRT -SOFTWARE|
|I052||ATIVO|
|I050|29052019|01|A|4|15999999|15900000|OTH NON CURRENT AST|
|I052||ATIVO|
|I050|29052019|02|A|4|21101010|21100000|CHEQUE PAYABLE|
|I052||PASSIVO|
|I050|29052019|02|A|4|21102099|21100000|AP-OTHERS|
|I052||PASSIVO|
|I050|29052019|02|A|4|21103030|21100000|AP-INTERCOMPANY|
|I052||PASSIVO|
|I050|29052019|02|A|4|21103050|21100000|AP-EMPLOYEE PAYABLE|
|I052||PASSIVO|
|I050|29052019|02|A|4|21103060|21100000|AP-CUST REFUND|
|I052||PASSIVO|
|I050|29052019|02|A|4|21103099|21100000|AP O-OTHERS|
|I052||PASSIVO|
|I050|29052019|02|A|4|21106010|21100000|AP-ONE (GHQ) AC|
|I052||PASSIVO|
|I050|29052019|02|A|4|21111012|21100000|INCOME TAX PAY-IRPJ|
|I052||PASSIVO|
|I050|29052019|02|A|4|21111013|21100000|INCOME TAX PAY-CSLL|
|I052||PASSIVO|
|I050|29052019|02|A|4|21111014|21100000|INCOME TAX PAY-ART29|
|I052||PASSIVO|
|I050|29052019|02|A|4|21111020|21100000|WITHHOL TAX PAYABLE|
|I052||PASSIVO|
|I050|29052019|02|A|4|21111021|21100000|WITHHOL PAYABL LINER|
|I052||PASSIVO|
|I050|29052019|02|A|4|21111022|21100000|WITHHOL PAYABL VAT|
|I052||PASSIVO|
|I050|29052019|02|A|4|21111023|21100000|WITHHOL PAYABL CIS|
|I052||PASSIVO|
|I050|29052019|02|A|4|21111024|21100000|WITHHOL PAYABL 3PIT|
|I052||PASSIVO|
|I050|29052019|02|A|4|21111025|21100000|WITHHOL PAYABL TC|
|I052||PASSIVO|
|I050|29052019|02|A|4|21111026|21100000|WITHHOL PAYABL ISS|
|I052||PASSIVO|
|I050|29052019|02|A|4|21111028|21100000|WITHHOL PAYABL ART23|
|I052||PASSIVO|
|I050|29052019|02|A|4|21111099|21100000|OTHERS TAX PAYABLE|
|I052||PASSIVO|
|I050|29052019|02|A|4|21207013|21200000|DPSTS TAXES-ISS|
|I052||PASSIVO|
|I050|29052019|02|A|4|21301010|21300000|PROV-BONUSES|
|I052||PASSIVO|
|I050|29052019|02|A|4|21301081|21300000|PROV-SALARY-13TH MTH|
|I052||PASSIVO|
|I050|29052019|02|A|4|21301090|21300000|PROV-LONG SERV LEAV|
|I052||PASSIVO|
|I050|29052019|02|A|4|21301091|21300000|PROV-PAYROLL TAX|
|I052||PASSIVO|
|I050|29052019|02|A|4|21301092|21300000|PROV-BAD DEBTS|
|I052||PASSIVO|
|I050|29052019|02|A|4|21301093|21300000|PROV-FGTS|
|I052||PASSIVO|
|I050|29052019|02|A|4|21301094|21300000|PROVISION-EPF|
|I052||PASSIVO|
|I050|29052019|02|A|4|21301099|21300000|PROVISION-OTHERS|
|I052||PASSIVO|
|I050|29052019|02|A|4|21412099|21400000|CP LT LS LIAB-ORS EQ|
|I052||PASSIVO|
|I050|29052019|02|A|4|21991010|21900000|ST SUSPENSE RECEIPT|
|I052||PASSIVO|
|I050|29052019|02|A|4|21991096|21900000|CURR ACCOUNT LINER|
|I052||PASSIVO|
|I050|29052019|02|A|4|21991099|21900000|ST LIAB-OTHERS|
|I052||PASSIVO|
|I050|29052019|03|A|4|31102001|31100000|CAPITAL|
|I052||RESULTADO|
|I050|29052019|03|A|4|31302010|31300000|UNAPP RETAINED EARN|
|I052||RESULTADO|
|I050|29052019|03|A|4|31302030|31300000|ADJ LOSS PRIOR YR|
|I052||RESULTADO|
|I050|29052019|03|A|4|31302040|31300000|NET INCOME FORTHEYR|
|I052||RESULTADO|
|I050|29052019|03|A|4|31401010|31400000|TREASURY SHARE|
|I052||RESULTADO|
|I050|29052019|03|A|4|41206011|41200000|AG FEE RE(COMISSION)|
|I052||RESULTADO|
|I050|29052019|03|A|4|41206012|41200000|AG FEE REV(COM)-PIS|
|I052||RESULTADO|
|I050|29052019|03|A|4|41206013|41200000|AG FEE REV(COM)-COF|
|I052||RESULTADO|
|I050|29052019|03|A|4|41206014|41200000|AG FEE REV(COM)-ISS|
|I052||RESULTADO|
|I050|29052019|03|A|4|41206023|41200000|MANAGEMT FEE REV-ISS|
|I052||RESULTADO|
|I050|29052019|03|A|4|41208001|41200000|LAR DOCUMENTAION FEE|
|I052||RESULTADO|
|I050|29052019|03|A|4|41208012|41200000|LAR-PIS|
|I052||RESULTADO|
|I050|29052019|03|A|4|41208013|41200000|LAR-COFINS|
|I052||RESULTADO|
|I050|29052019|03|A|4|41208014|41200000|LAR-ISS|
|I052||RESULTADO|
|I050|29052019|03|A|4|45101010|45100000|GAIN FX REAL OP|
|I052||RESULTADO|
|I050|29052019|03|A|4|47101010|47100000|INTEREST INCOME|
|I052||RESULTADO|
|I050|29052019|03|A|4|47109999|47100000|OTHERS-NON OPR REV|
|I052||RESULTADO|
|I050|29052019|03|A|4|51101299|51100000|EQ M&R-OTHERS|
|I052||RESULTADO|
|I050|29052019|03|A|4|51201001|51200000|CASH DISCOUNT|
|I052||RESULTADO|
|I050|29052019|03|A|4|51501001|51500000|PSNL COSTS-SALARIES|
|I052||RESULTADO|
|I050|29052019|03|A|4|51501002|51500000|PSNL COSTS-BONUS|
|I052||RESULTADO|
|I050|29052019|03|A|4|51501003|51500000|PSNL COSTS-ALWCS|
|I052||RESULTADO|
|I050|29052019|03|A|4|51501004|51500000|PSNL CO-TP EMPY WAG|
|I052||RESULTADO|
|I050|29052019|03|A|4|51501005|51500000|PSNL COSTS-OT|
|I052||RESULTADO|
|I050|29052019|03|A|4|51501007|51500000|PSNL COSTS-SAL-13TH|
|I052||RESULTADO|
|I050|29052019|03|A|4|51501014|51500000|PSNL CO COMP INS|
|I052||RESULTADO|
|I050|29052019|03|A|4|51501015|51500000|PSNL CO COMP TPT|
|I052||RESULTADO|
|I050|29052019|03|A|4|51501020|51500000|PSNL CO-TRAVEL EXP|
|I052||RESULTADO|
|I050|29052019|03|A|4|51501030|51500000|TRAVEL EXP-OVERSEAS|
|I052||RESULTADO|
|I050|29052019|03|A|4|51501031|51500000|TRAVEL EXP-OVERSE-ND|
|I052||RESULTADO|
|I050|29052019|03|A|4|51501032|51500000|TRAVEL EXP-DOMESTIC|
|I052||RESULTADO|
|I050|29052019|03|A|4|51501040|51500000|PSNL COSTS-EDU&TRAIN|
|I052||RESULTADO|
|I050|29052019|03|A|4|51501050|51500000|PSNL CO-TERMINATION|
|I052||RESULTADO|
|I050|29052019|03|A|4|51501052|51500000|PSNL CO-E BEN CO-DB|
|I052||RESULTADO|
|I050|29052019|03|A|4|51501053|51500000|PSNL CO-E BEN CO-OTH|
|I052||RESULTADO|
|I050|29052019|03|A|4|51501054|51500000|PSNL CO-Prov Pension|
|I052||RESULTADO|
|I050|29052019|03|A|4|51501058|51500000|PSNL CO-E BEN-OTH-ND|
|I052||RESULTADO|
|I050|29052019|03|A|4|51501064|51500000|PSNL COSTS-DIR REMN|
|I052||RESULTADO|
|I050|29052019|03|A|4|51501065|51500000|PSNL CO-DIR EXP|
|I052||RESULTADO|
|I050|29052019|03|A|4|51501077|51500000|PSNL COST-STAFF QUAR|
|I052||RESULTADO|
|I050|29052019|03|A|4|51501079|51500000|PSNL CO-MILE PSN CAR|
|I052||RESULTADO|
|I050|29052019|03|A|4|51501088|51500000|WORK CCL CONTRIBTN|
|I052||RESULTADO|
|I050|29052019|03|A|4|51501092|51500000|PSNL CO-FGTS|
|I052||RESULTADO|
|I050|29052019|03|A|4|51501099|51500000|PSNL COSTS-OTHERS|
|I052||RESULTADO|
|I050|29052019|03|A|4|51502020|51500000|DEPR(SGA)-STRUCTURE|
|I052||RESULTADO|
|I050|29052019|03|A|4|51502030|51500000|DEPR(SGA)-MACH&EQ|
|I052||RESULTADO|
|I050|29052019|03|A|4|51502040|51500000|DEPR(SGA)-VEHICLES|
|I052||RESULTADO|
|I050|29052019|03|A|4|51502050|51500000|DEPR(SGA)-TOOLS&FURN|
|I052||RESULTADO|
|I050|29052019|03|A|4|51502070|51500000|DEPR(SGA)-PC&IT EQP|
|I052||RESULTADO|
|I050|29052019|03|A|4|51502071|51500000|DEP(SGA)-PC EQP(FL)|
|I052||RESULTADO|
|I050|29052019|03|A|4|51503010|51500000|AMORTI(SGA)-S/W|
|I052||RESULTADO|
|I050|29052019|03|A|4|51504020|51500000|LEASE FEE-OFFICE|
|I052||RESULTADO|
|I050|29052019|03|A|4|51504050|51500000|LEASE FEE-OFF EQPT|
|I052||RESULTADO|
|I050|29052019|03|A|4|51504099|51500000|LEASE FEE-OTHERS|
|I052||RESULTADO|
|I050|29052019|03|A|4|51507010|51500000|STAMP DUTIES|
|I052||RESULTADO|
|I050|29052019|03|A|4|51507030|51500000|OFFICE TAX AND RATES|
|I052||RESULTADO|
|I050|29052019|03|A|4|51507040|51500000|PROVINICIAL SER TAX|
|I052||RESULTADO|
|I050|29052019|03|A|4|51507099|51500000|OTHERS TAX|
|I052||RESULTADO|
|I050|29052019|03|A|4|51508010|51500000|LEGAL FEES|
|I052||RESULTADO|
|I050|29052019|03|A|4|51508020|51500000|OUTSOURCING FEE|
|I052||RESULTADO|
|I050|29052019|03|A|4|51508030|51500000|ACCOUNTANTS FEE|
|I052||RESULTADO|
|I050|29052019|03|A|4|51508031|51500000|AUDIT FEE|
|I052||RESULTADO|
|I050|29052019|03|A|4|51508041|51500000|TAX FEE|
|I052||RESULTADO|
|I050|29052019|03|A|4|51508099|51500000|PRO FEE & COMM-OTH|
|I052||RESULTADO|
|I050|29052019|03|A|4|51509901|51500000|INSURANCE|
|I052||RESULTADO|
|I050|29052019|03|A|4|51509902|51500000|IT SYSTEM MAINT|
|I052||RESULTADO|
|I050|29052019|03|A|4|51509903|51500000|TELECOM EXPENSE|
|I052||RESULTADO|
|I050|29052019|03|A|4|51509904|51500000|VEHICLE EXPENSE|
|I052||RESULTADO|
|I050|29052019|03|A|4|51509905|51500000|CONSUMABLES|
|I052||RESULTADO|
|I050|29052019|03|A|4|51509906|51500000|PUB AND SUB|
|I052||RESULTADO|
|I050|29052019|03|A|4|51509907|51500000|ADVERTISINGS|
|I052||RESULTADO|
|I050|29052019|03|A|4|51509908|51500000|COURIER CHARGES|
|I052||RESULTADO|
|I050|29052019|03|A|4|51509909|51500000|UTILITIES|
|I052||RESULTADO|
|I050|29052019|03|A|4|51509910|51500000|SALES PROMOTION EXP|
|I052||RESULTADO|
|I050|29052019|03|A|4|51509911|51500000|ENTERTAINMENT EXP|
|I052||RESULTADO|
|I050|29052019|03|A|4|51509912|51500000|ENTERTAINMENT EXP-ND|
|I052||RESULTADO|
|I050|29052019|03|A|4|51509913|51500000|WKR GIFTS|
|I052||RESULTADO|
|I050|29052019|03|A|4|51509914|51500000|WKR ENTERTAINMENT|
|I052||RESULTADO|
|I050|29052019|03|A|4|51509915|51500000|WKR MEMBERSHIP|
|I052||RESULTADO|
|I050|29052019|03|A|4|51509916|51500000|WKR OTHER|
|I052||RESULTADO|
|I050|29052019|03|A|4|51509917|51500000|MOBILE EXPENSE|
|I052||RESULTADO|
|I050|29052019|03|A|4|51509918|51500000|IT CONSUMABLES|
|I052||RESULTADO|
|I050|29052019|03|A|4|51509920|51500000|PRIVATE CAR EXPENSES|
|I052||RESULTADO|
|I050|29052019|03|A|4|51509921|51500000|CHARITABLE DONATIONS|
|I052||RESULTADO|
|I050|29052019|03|A|4|51509922|51500000|GROUP LIFE INSURANCE|
|I052||RESULTADO|
|I050|29052019|03|A|4|51509923|51500000|CLUB DUE|
|I052||RESULTADO|
|I050|29052019|03|A|4|51509924|51500000|NON CAP LOW VAL ASST|
|I052||RESULTADO|
|I050|29052019|03|A|4|51509925|51500000|OFFICE CLEANING FEE|
|I052||RESULTADO|
|I050|29052019|03|A|4|51509926|51500000|RECRUITMENT EXPENSE|
|I052||RESULTADO|
|I050|29052019|03|A|4|51509927|51500000|REPAIR & MAINTENANCE|
|I052||RESULTADO|
|I050|29052019|03|A|4|51509930|51500000|CLUB DUE - ND|
|I052||RESULTADO|
|I050|29052019|03|A|4|51509999|51500000|SGA OTH|
|I052||RESULTADO|
|I050|29052019|03|A|4|55101010|55100000|LOSS FX REAL OP|
|I052||RESULTADO|
|I050|29052019|03|A|4|55103010|55100000|LOSS ON ASSETS WO|
|I052||RESULTADO|
|I050|29052019|03|A|4|57101010|57100000|FINANCE EXP-INTEREST|
|I052||RESULTADO|
|I050|29052019|03|A|4|57101020|57100000|FINANCE EXP-BANK CHG|
|I052||RESULTADO|
|I050|29052019|03|A|4|57101099|57100000|FINANCE EXP-OTHERS|
|I052||RESULTADO|
|I050|29052019|03|A|4|61101012|61100000|CURR INCOME TAX-IRPJ|
|I052||RESULTADO|
|I050|29052019|03|A|4|61101013|61100000|CURR INCOME TAX-CSLL|
|I052||RESULTADO|
|I050|29052019|03|A|4|61101022|61100000|DEF INCOME TAX-IRPJ|
|I052||RESULTADO|
|I050|29052019|03|A|4|61101023|61100000|DEF INCOME TAX-CSLL|
|I052||RESULTADO|
|I050|29052019|03|A|4|91110040|91100000|CC CLEARING ACCOUNT|
|I052||RESULTADO|
|I050|29052019|03|A|4|93120020|93100000|ASSET TECHNICAL ACCT|
|I052||RESULTADO|
|I050|29052019|03|A|4|97110020|97100000|OFFSET-FLT-AR/AP|
|I052||RESULTADO|
|I050|29052019|03|A|4|97110040|97100000|FREIGHT MISCOLLECT|
|I052||RESULTADO|
|I050|29052019|03|A|4|97120010|97100000|DOC. BALANCE ADJ.|
|I052||RESULTADO|
|I050|29052019|03|A|4|99991010|99900000|MIGRATION/BS|
|I052||RESULTADO|
|I050|29052019|03|A|4|99991030|99900000|MIGRATION/AP|
|I052||RESULTADO|
|I050|29052019|03|A|4|99991050|99900000|MIGRATION/AA|
|I052||RESULTADO|
|I100|01012000|BR01BLM|BR01BLM|
|I100|01012000|BR01CWB|BR01CWB|
|I100|01012000|BR01ITJ|BR01ITJ|
|I100|01012000|BR01MNS|BR01MNS|
|I100|01012000|BR01SAO|BR01SAO|
|I100|01012000|BR01SSZ|BR01SSZ|
|I150|01012018|31012018|
|I155|11215010||3461514,89|D|5148,32|1874650,99|1592012,22|D|
|I155|11235101||1,00|D|1865835,38|1865835,38|1,00|D|
|I155|11235102||0,00|D|1851,06|1803,96|47,10|D|
|I155|11503050||2756185,40|D|244760,09|1076259,93|1924685,56|D|
|I155|11503099||0,00|D|2152073,82|27798,77|2124275,05|D|
|I155|11505024||0,00|D|131,24|0,00|131,24|D|
|I155|11505030||129,20|D|255,92|129,20|255,92|D|
|I155|11621011||131028,65|D|0,00|0,00|131028,65|D|
|I155|11621012||47170,31|D|0,00|0,00|47170,31|D|
|I155|15100310||64879,39|D|0,00|0,00|64879,39|D|
|I155|15100350||540,66|C|0,00|540,66|1081,32|C|
|I155|15100410||120836,76|D|81544,02|0,00|202380,78|D|
|I155|15100450||1438,51|C|0,00|2409,35|3847,86|C|
|I155|15101010||4098,00|D|0,00|0,00|4098,00|D|
|I155|15101050||22,76|C|0,00|22,78|45,54|C|
|I155|15101310||798076,20|D|780247,04|0,00|1578323,24|D|
|I155|15101350||22561,74|C|0,00|43842,93|66404,67|C|
|I155|15999999||0,00|D|208760,09|208760,09|0,00|D|
|I155|21102099||807163,70|C|707941,50|0,00|99222,20|C|
|I155|21103060||0,00|D|1757,06|1757,06|0,00|D|
|I155|21103099||1385481,55|C|974440,86|2220397,52|2631438,21|C|
|I155|21111014||3,59|C|0,00|26,76|30,35|C|
|I155|21111020||22,12|C|24,14|164,68|162,66|C|
|I155|21111023||0,00|D|0,00|102,75|102,75|C|
|I155|21111024||250,89|C|41,37|726,48|936,00|C|
|I155|21111025||11849,86|C|65,19|565,16|12349,83|C|
|I155|21111026||0,00|D|17,77|154,13|136,36|C|
|I155|21111028||0,00|D|0,00|2045,44|2045,44|C|
|I155|21111099||0,00|D|1453,03|462,08|990,95|D|
|I155|31102001||5500500,00|C|0,00|0,00|5500500,00|C|
|I155|31302010||345915,62|D|0,00|0,00|345915,62|D|
|I155|31302030||0,00|D|345915,62|0,00|345915,62|D|
|I155|31302040||0,00|D|0,00|345915,62|345915,62|C|
|I155|47101010||0,00|D|1137,79|3486,26|2348,47|C|
|I155|51502020||0,00|D|540,66|0,00|540,66|D|
|I155|51502030||0,00|D|2409,35|0,00|2409,35|D|
|I155|51502050||0,00|D|22,78|0,00|22,78|D|
|I155|51502070||0,00|D|43842,93|0,00|43842,93|D|
|I155|51507030||0,00|D|3472,48|0,00|3472,48|D|
|I155|51507099||0,00|D|3900,08|0,00|3900,08|D|
|I155|51508030||0,00|D|5000,00|0,00|5000,00|D|
|I155|51508099||0,00|D|16984,50|0,00|16984,50|D|
|I155|51509902||0,00|D|5206,97|0,00|5206,97|D|
|I155|51509905||0,00|D|6533,18|0,00|6533,18|D|
|I155|51509908||0,00|D|660,10|0,00|660,10|D|
|I155|51509909||0,00|D|5046,57|0,00|5046,57|D|
|I155|51509913||0,00|D|600,00|0,00|600,00|D|
|I155|51509918||0,00|D|32764,00|0,00|32764,00|D|
|I155|51509922||0,00|D|6104,56|0,00|6104,56|D|
|I155|51509924||0,00|D|3651,40|0,00|3651,40|D|
|I155|51509925||0,00|D|11765,96|0,00|11765,96|D|
|I155|51509999||0,00|D|159548,17|1851,06|157697,11|D|
|I155|55101010||0,00|D|0,00|2,04|2,04|C|
|I155|57101010||0,00|D|207,26|2926,70|2719,44|C|
|I155|57101020||0,00|D|289,80|0,00|289,80|D|
|I155|57101099||0,00|D|685,72|0,00|685,72|D|
|I155|93120020||0,00|D|861791,06|861791,06|0,00|D|
|I155|99991010||963326,64|D|0,00|0,00|963326,64|D|
|I155|99991030||0,00|D|912854,98|912854,98|0,00|D|
|I155|99991050||963326,68|C|0,00|0,00|963326,68|C|
|I150|01022018|28022018|
|I155|11215010||1592012,22|D|893,89|654730,56|938175,55|D|
|I155|11235101||1,00|D|659992,28|659992,28|1,00|D|
|I155|11235102||47,10|D|1662,72|1709,80|0,02|D|
|I155|11308010||0,00|D|729429,00|0,00|729429,00|D|
|I155|11503050||1924685,56|D|178257,06|110354,63|1992587,99|D|
|I155|11503099||2124275,05|D|93248,79|116875,72|2100648,12|D|
|I155|11505024||131,24|D|129,20|0,00|260,44|D|
|I155|11505030||255,92|D|131,47|516,59|129,20|C|
|I155|11621011||131028,65|D|0,00|1349,57|129679,08|D|
|I155|11621012||47170,31|D|0,00|485,84|46684,47|D|
|I155|15100310||64879,39|D|0,00|0,00|64879,39|D|
|I155|15100350||1081,32|C|0,00|540,66|1621,98|C|
|I155|15100410||202380,78|D|29975,08|0,00|232355,86|D|
|I155|15100450||3847,86|C|0,00|2766,11|6613,97|C|
|I155|15101010||4098,00|D|0,00|0,00|4098,00|D|
|I155|15101050||45,54|C|0,00|22,76|68,30|C|
|I155|15101310||1578323,24|D|265916,41|0,00|1844239,65|D|
|I155|15101350||66404,67|C|0,00|51228,33|117633,00|C|
|I155|15999999||0,00|D|67902,43|67902,43|0,00|D|
|I155|21102099||99222,20|C|99263,35|140567,96|140526,81|C|
|I155|21103099||2631438,21|C|425364,49|420406,35|2626480,07|C|
|I155|21111012||0,00|D|2276,78|1889,39|387,39|D|
|I155|21111013||0,00|D|0,00|1133,63|1133,63|C|
|I155|21111014||30,35|C|0,00|3,93|34,28|C|
|I155|21111020||162,66|C|0,00|24,16|186,82|C|
|I155|21111023||102,75|C|102,75|36621,99|36621,99|C|
|I155|21111024||936,00|C|770,15|533,70|699,55|C|
|I155|21111025||12349,83|C|1216,52|621,04|11754,35|C|
|I155|21111026||136,36|C|362,19|225,82|0,01|D|
|I155|21111028||2045,44|C|1534,50|690,42|1201,36|C|
|I155|21111099||990,95|D|462,08|1607,04|154,01|C|
|I155|31102001||5500500,00|C|0,00|0,00|5500500,00|C|
|I155|31302010||345915,62|D|0,00|0,00|345915,62|D|
|I155|31302030||345915,62|D|0,00|0,00|345915,62|D|
|I155|31302040||345915,62|C|0,00|0,00|345915,62|C|
|I155|41206011||0,00|D|0,00|729429,00|729429,00|C|
|I155|41206012||0,00|D|1137,56|0,00|1137,56|D|
|I155|41206013||0,00|D|24,16|0,00|24,16|D|
|I155|41206014||0,00|D|36471,45|0,00|36471,45|D|
|I155|47101010||2348,47|C|583,82|893,89|2658,54|C|
|I155|51501032||0,00|D|35157,44|0,00|35157,44|D|
|I155|51502020||540,66|D|540,66|0,00|1081,32|D|
|I155|51502030||2409,35|D|2766,11|0,00|5175,46|D|
|I155|51502050||22,78|D|22,76|0,00|45,54|D|
|I155|51502070||43842,93|D|51228,33|0,00|95071,26|D|
|I155|51507030||3472,48|D|14635,87|0,00|18108,35|D|
|I155|51507099||3900,08|D|0,00|0,00|3900,08|D|
|I155|51508030||5000,00|D|20304,10|0,00|25304,10|D|
|I155|51508099||16984,50|D|3316,00|0,00|20300,50|D|
|I155|51509902||5206,97|D|0,00|0,00|5206,97|D|
|I155|51509905||6533,18|D|8929,57|0,00|15462,75|D|
|I155|51509908||660,10|D|38,80|0,00|698,90|D|
|I155|51509909||5046,57|D|75638,96|0,00|80685,53|D|
|I155|51509913||600,00|D|4352,77|0,00|4952,77|D|
|I155|51509918||32764,00|D|4440,00|0,00|37204,00|D|
|I155|51509922||6104,56|D|0,00|0,00|6104,56|D|
|I155|51509924||3651,40|D|1464,69|0,00|5116,09|D|
|I155|51509925||11765,96|D|9727,16|0,00|21493,12|D|
|I155|51509999||157697,11|D|175896,30|4503,75|329089,66|D|
|I155|55101010||2,04|C|0,00|0,00|2,04|C|
|I155|57101010||2719,44|C|0,15|19,36|2738,65|C|
|I155|57101020||289,80|D|243,50|0,00|533,30|D|
|I155|57101099||685,72|D|0,00|0,00|685,72|D|
|I155|61101012||0,00|D|1889,39|1889,39|0,00|D|
|I155|61101022||0,00|D|1349,57|0,00|1349,57|D|
|I155|61101023||0,00|D|485,84|0,00|485,84|D|
|I155|93120020||0,00|D|295891,49|295891,49|0,00|D|
|I155|99991010||963326,64|D|0,00|0,00|963326,64|D|
|I155|99991030||0,00|D|117223,02|117223,02|0,00|D|
|I155|99991050||963326,68|C|0,00|0,00|963326,68|C|
|I150|01032018|31032018|
|I155|11215010||938175,55|D|10036677,32|4705035,07|6269817,80|D|
|I155|11235101||1,00|D|8671332,48|8671332,48|1,00|D|
|I155|11235102||0,02|D|0,00|0,00|0,02|D|
|I155|11304010||0,00|D|2124,05|2124,05|0,00|D|
|I155|11304030||0,00|D|5960716,00|5960716,00|0,00|D|
|I155|11308010||729429,00|D|0,00|729429,00|0,00|D|
|I155|11503050||1992587,99|D|3160608,82|2761524,97|2391671,84|D|
|I155|11503099||2100648,12|D|84593,85|55131,91|2130110,06|D|
|I155|11505024||260,44|D|17519,46|0,00|17779,90|D|
|I155|11505030||129,20|C|362,15|129,20|103,75|D|
|I155|11621011||129679,08|D|131028,65|131028,65|129679,08|D|
|I155|11621012||46684,47|D|47170,31|47170,31|46684,47|D|
|I155|15100310||64879,39|D|64879,39|64879,39|64879,39|D|
|I155|15100350||1621,98|C|2162,64|2703,31|2162,65|C|
|I155|15100410||232355,86|D|150220,88|120836,76|261739,98|D|
|I155|15100450||6613,97|C|9380,00|12495,96|9729,93|C|
|I155|15101010||4098,00|D|4098,00|4098,00|4098,00|D|
|I155|15101050||68,30|C|91,04|113,80|91,06|C|
|I155|15101310||1844239,65|D|992489,19|798076,20|2038652,64|D|
|I155|15101350||117633,00|C|168861,80|225491,28|174262,48|C|
|I155|21101010||0,00|D|2192896,14|2192896,14|0,00|D|
|I155|21102099||140526,81|C|57902,58|119989,23|202613,46|C|
|I155|21103050||0,00|D|13228,96|18246,71|5017,75|C|
|I155|21103099||2626480,07|C|1398486,51|1527691,33|2755684,89|C|
|I155|21111012||387,39|D|11720,59|11720,59|387,39|D|
|I155|21111013||1133,63|C|5798,87|5798,87|1133,63|C|
|I155|21111014||34,28|C|33,94|18,30|18,64|C|
|I155|21111020||186,82|C|46,28|88,48|229,02|C|
|I155|21111023||36621,99|C|229,33|299031,80|335424,46|C|
|I155|21111024||699,55|C|13686,83|973,53|12013,75|D|
|I155|21111025||11754,35|C|14613,78|18399,30|15539,87|C|
|I155|21111026||0,01|D|37168,57|744,27|36424,31|D|
|I155|21111028||1201,36|C|2030,28|1107,45|278,53|C|
|I155|21111099||154,01|C|0,00|0,00|154,01|C|
|I155|31102001||5500500,00|C|5500500,00|5500500,00|5500500,00|C|
|I155|31302010||345915,62|D|345915,62|345915,62|345915,62|D|
|I155|31302030||345915,62|D|0,00|0,00|345915,62|D|
|I155|31302040||345915,62|C|0,00|0,00|345915,62|C|
|I155|41206011||729429,00|C|0,00|5960716,00|6690145,00|C|
|I155|41206012||1137,56|D|0,00|0,00|1137,56|D|
|I155|41206013||24,16|D|0,00|0,00|24,16|D|
|I155|41206014||36471,45|D|298035,80|0,00|334507,25|D|
|I155|47101010||2658,54|C|0,00|10681,57|13340,11|C|
|I155|51101299||0,00|D|4520,00|0,00|4520,00|D|
|I155|51501003||0,00|D|532,09|0,00|532,09|D|
|I155|51501014||0,00|D|600,00|0,00|600,00|D|
|I155|51501015||0,00|D|22285,06|0,00|22285,06|D|
|I155|51501030||0,00|D|61788,20|0,00|61788,20|D|
|I155|51501032||35157,44|D|49313,23|0,00|84470,67|D|
|I155|51501058||0,00|D|155662,60|0,00|155662,60|D|
|I155|51502020||1081,32|D|540,67|0,00|1621,99|D|
|I155|51502030||5175,46|D|6741,92|3625,96|8291,42|D|
|I155|51502050||45,54|D|22,76|0,00|68,30|D|
|I155|51502070||95071,26|D|136423,42|79793,94|151700,74|D|
|I155|51507030||18108,35|D|14635,87|0,00|32744,22|D|
|I155|51507099||3900,08|D|6331,16|0,00|10231,24|D|
|I155|51508020||0,00|D|23900,00|0,00|23900,00|D|
|I155|51508030||25304,10|D|0,00|0,00|25304,10|D|
|I155|51508099||20300,50|D|62549,00|0,00|82849,50|D|
|I155|51509902||5206,97|D|2800,00|0,00|8006,97|D|
|I155|51509903||0,00|D|14298,33|0,00|14298,33|D|
|I155|51509904||0,00|D|173,60|0,00|173,60|D|
|I155|51509905||15462,75|D|24214,01|0,00|39676,76|D|
|I155|51509908||698,90|D|31151,05|0,00|31849,95|D|
|I155|51509909||80685,53|D|0,00|0,00|80685,53|D|
|I155|51509913||4952,77|D|11404,86|0,00|16357,63|D|
|I155|51509916||0,00|D|271814,04|0,00|271814,04|D|
|I155|51509918||37204,00|D|54,00|0,00|37258,00|D|
|I155|51509922||6104,56|D|0,00|0,00|6104,56|D|
|I155|51509924||5116,09|D|15761,98|0,00|20878,07|D|
|I155|51509925||21493,12|D|7554,66|0,00|29047,78|D|
|I155|51509926||0,00|D|1963,41|0,00|1963,41|D|
|I155|51509999||329089,66|D|38201,90|0,00|367291,56|D|
|I155|55101010||2,04|C|139,07|0,00|137,03|D|
|I155|57101010||2738,65|C|97,17|0,00|2641,48|C|
|I155|57101020||533,30|D|755794,43|729428,98|26898,75|D|
|I155|57101099||685,72|D|1805,81|0,00|2491,53|D|
|I155|61101022||1349,57|D|0,00|0,00|1349,57|D|
|I155|61101023||485,84|D|0,00|0,00|485,84|D|
|I155|93120020||0,00|D|223797,11|223797,11|0,00|D|
|I155|97120010||0,00|D|98256,86|98256,86|0,00|D|
|I155|99991010||963326,64|D|963326,64|963326,64|963326,64|D|
|I155|99991030||0,00|D|107973,94|107973,94|0,00|D|
|I155|99991050||963326,68|C|890814,77|890814,77|963326,68|C|
|I150|01042018|30042018|
|I155|11101010||0,00|D|1196,31|220,00|976,31|D|
|I155|11101020||0,00|D|7199,30|5423,71|1775,59|D|
|I155|11101021||0,00|D|41299,86|23799,45|17500,41|D|
|I155|11215010||6269817,80|D|1628970,51|3927993,76|3970794,55|D|
|I155|11235101||1,00|D|8489707,50|8493561,61|3853,11|C|
|I155|11235102||0,02|D|1835422,84|133663,08|1701759,78|D|
|I155|11235103||0,00|D|3256877,58|294768,33|2962109,25|D|
|I155|11301098||0,00|D|23847,00|20742,00|3105,00|D|
|I155|11304010||0,00|D|497723,95|467553,51|30170,44|D|
|I155|11304011||0,00|D|8255,50|3974,90|4280,60|D|
|I155|11304030||0,00|D|3366061,44|3366061,44|0,00|D|
|I155|11308010||0,00|D|519570,62|3497346,00|2977775,38|C|
|I155|11502099||0,00|D|220,00|189,25|30,75|D|
|I155|11503050||2391671,84|D|237872,20|1774658,67|854885,37|D|
|I155|11503099||2130110,06|D|537500,91|218132,63|2449478,34|D|
|I155|11505024||17779,90|D|1448243,01|0,00|1466022,91|D|
|I155|11505030||103,75|D|249,60|0,00|353,35|D|
|I155|11621011||129679,08|D|0,00|0,00|129679,08|D|
|I155|11621012||46684,47|D|0,00|0,00|46684,47|D|
|I155|15100310||64879,39|D|1772962,67|0,00|1837842,06|D|
|I155|15100350||2162,65|C|0,00|15315,35|17478,00|C|
|I155|15100410||261739,98|D|8878,57|0,00|270618,55|D|
|I155|15100450||9729,93|C|0,00|3223,32|12953,25|C|
|I155|15101010||4098,00|D|0,00|0,00|4098,00|D|
|I155|15101050||91,06|C|0,00|22,76|113,82|C|
|I155|15101310||2038652,64|D|79876,55|0,00|2118529,19|D|
|I155|15101350||174262,48|C|0,00|58848,29|233110,77|C|
|I155|21102099||202613,46|C|448890,70|649346,87|403069,63|C|
|I155|21103050||5017,75|C|1268612,60|1283131,73|19536,88|C|
|I155|21103060||0,00|D|76346,00|64018,00|12328,00|D|
|I155|21103099||2755684,89|C|4349597,92|5622082,05|4028169,02|C|
|I155|21106010||0,00|D|782948,42|1753742,42|970794,00|C|
|I155|21111012||387,39|D|1064457,70|1064457,70|387,39|D|
|I155|21111013||1133,63|C|383785,31|383785,31|1133,63|C|
|I155|21111014||18,64|C|6619,78|1245,84|5355,30|D|
|I155|21111020||229,02|C|30489,71|5772,16|24488,53|D|
|I155|21111021||0,00|D|407797,40|407797,51|0,11|C|
|I155|21111022||0,00|D|90781,80|90781,77|0,03|D|
|I155|21111023||335424,46|C|88905,10|87860,74|334380,10|C|
|I155|21111024||12013,75|D|200132,85|200332,08|11814,52|D|
|I155|21111025||15539,87|C|6220,44|2225,36|11544,79|C|
|I155|21111026||36424,31|D|299124,01|937,12|334611,20|D|
|I155|21111028||278,53|C|712,20|645,71|212,04|C|
|I155|21111099||154,01|C|0,00|0,00|154,01|C|
|I155|21301010||0,00|D|0,00|228630,01|228630,01|C|
|I155|21301081||0,00|D|163,80|354049,20|353885,40|C|
|I155|21301090||0,00|D|1,78|1553753,94|1553752,16|C|
|I155|21301091||0,00|D|0,00|124567,60|124567,60|C|
|I155|21301093||0,00|D|0,00|422620,55|422620,55|C|
|I155|21301094||0,00|D|0,00|124300,12|124300,12|C|
|I155|21991010||0,00|D|1152692,85|1561906,23|409213,38|C|
|I155|21991099||0,00|D|0,00|32,55|32,55|C|
|I155|31102001||5500500,00|C|0,00|0,00|5500500,00|C|
|I155|31302010||345915,62|D|0,00|0,00|345915,62|D|
|I155|31302030||345915,62|D|0,00|0,00|345915,62|D|
|I155|31302040||345915,62|C|0,00|0,00|345915,62|C|
|I155|41206011||6690145,00|C|0,00|1683030,72|8373175,72|C|
|I155|41206012||1137,56|D|0,00|0,00|1137,56|D|
|I155|41206013||24,16|D|0,00|0,00|24,16|D|
|I155|41206014||334507,25|D|84151,54|0,00|418658,79|D|
|I155|41208001||0,00|D|0,00|74184,00|74184,00|C|
|I155|41208012||0,00|D|1224,04|0,00|1224,04|D|
|I155|41208013||0,00|D|5637,98|0,00|5637,98|D|
|I155|41208014||0,00|D|3709,20|0,00|3709,20|D|
|I155|45101010||0,00|D|0,00|0,14|0,14|C|
|I155|47101010||13340,11|C|240,98|1695,00|14794,13|C|
|I155|47109999||0,00|D|0,00|0,78|0,78|C|
|I155|51101299||4520,00|D|0,00|0,00|4520,00|D|
|I155|51501001||0,00|D|1070056,33|19091,82|1050964,51|D|
|I155|51501002||0,00|D|228630,01|0,00|228630,01|D|
|I155|51501003||532,09|D|6533,11|0,00|7065,20|D|
|I155|51501005||0,00|D|69766,18|0,00|69766,18|D|
|I155|51501007||0,00|D|354049,20|0,00|354049,20|D|
|I155|51501014||600,00|D|0,00|0,00|600,00|D|
|I155|51501015||22285,06|D|67756,75|3227,00|86814,81|D|
|I155|51501030||61788,20|D|142232,74|3837,00|200183,94|D|
|I155|51501031||0,00|D|135,00|0,00|135,00|D|
|I155|51501032||84470,67|D|18171,04|503,55|102138,16|D|
|I155|51501050||0,00|D|32,72|0,00|32,72|D|
|I155|51501052||0,00|D|422157,54|0,00|422157,54|D|
|I155|51501053||0,00|D|1553972,69|0,00|1553972,69|D|
|I155|51501054||0,00|D|546920,67|0,00|546920,67|D|
|I155|51501058||155662,60|D|667,37|1,50|156328,47|D|
|I155|51501064||0,00|D|112179,29|0,00|112179,29|D|
|I155|51501092||0,00|D|124567,60|0,00|124567,60|D|
|I155|51501099||0,00|D|334266,90|0,00|334266,90|D|
|I155|51502020||1621,99|D|15315,35|0,00|16937,34|D|
|I155|51502030||8291,42|D|3223,32|0,00|11514,74|D|
|I155|51502050||68,30|D|22,76|0,00|91,06|D|
|I155|51502070||151700,74|D|58848,29|0,00|210549,03|D|
|I155|51504020||0,00|D|42065,51|0,00|42065,51|D|
|I155|51507010||0,00|D|1607,99|0,00|1607,99|D|
|I155|51507030||32744,22|D|0,00|0,00|32744,22|D|
|I155|51507099||10231,24|D|10637,40|0,00|20868,64|D|
|I155|51508020||23900,00|D|44955,37|7527,49|61327,88|D|
|I155|51508030||25304,10|D|5000,00|0,00|30304,10|D|
|I155|51508099||82849,50|D|7425,46|0,00|90274,96|D|
|I155|51509902||8006,97|D|0,00|0,00|8006,97|D|
|I155|51509903||14298,33|D|13285,65|0,00|27583,98|D|
|I155|51509904||173,60|D|1989,19|0,00|2162,79|D|
|I155|51509905||39676,76|D|20597,12|237,08|60036,80|D|
|I155|51509907||0,00|D|6655,26|0,00|6655,26|D|
|I155|51509908||31849,95|D|3860,54|0,00|35710,49|D|
|I155|51509909||80685,53|D|0,00|0,00|80685,53|D|
|I155|51509913||16357,63|D|8556,75|3000,00|21914,38|D|
|I155|51509915||0,00|D|145,80|0,00|145,80|D|
|I155|51509916||271814,04|D|23778,50|3318,20|292274,34|D|
|I155|51509917||0,00|D|4144,27|0,00|4144,27|D|
|I155|51509918||37258,00|D|156,10|0,00|37414,10|D|
|I155|51509921||0,00|D|235,00|0,00|235,00|D|
|I155|51509922||6104,56|D|0,00|0,00|6104,56|D|
|I155|51509924||20878,07|D|7277,13|0,00|28155,20|D|
|I155|51509925||29047,78|D|244,88|0,00|29292,66|D|
|I155|51509926||1963,41|D|0,00|0,00|1963,41|D|
|I155|51509927||0,00|D|70,00|0,00|70,00|D|
|I155|51509999||367291,56|D|258022,96|37513,42|587801,10|D|
|I155|55101010||137,03|D|1165,82|0,00|1302,85|D|
|I155|57101010||2641,48|C|8316,91|1881,00|3794,43|D|
|I155|57101020||26898,75|D|1303,70|825,00|27377,45|D|
|I155|57101099||2491,53|D|40,21|0,00|2531,74|D|
|I155|61101022||1349,57|D|0,00|0,00|1349,57|D|
|I155|61101023||485,84|D|0,00|0,00|485,84|D|
|I155|93120020||0,00|D|1861717,79|1861717,79|0,00|D|
|I155|97110020||0,00|D|52421,92|35250,00|17171,92|D|
|I155|97120010||0,00|D|127490,21|127490,21|0,00|D|
|I155|99991010||963326,64|D|0,00|0,00|963326,64|D|
|I155|99991030||0,00|D|38,20|38,20|0,00|D|
|I155|99991050||963326,68|C|0,00|0,00|963326,68|C|
|I150|01052018|31052018|
|I200|999100000702|02022018|51,69|N||
|I250|11235101|BR01SAO|51,69|C|||Bancos Conta Movimento - No País a. ||
|I250|51509999|BR01SAO|51,69|D|||(-) Outras Despesas Operacionais a. ||
|I200|999100000802|02022018|145,10|N||
|I250|11235101|BR01SAO|145,10|C|||Bancos Conta Movimento - No País a. ||
|I250|51509999|BR01SAO|145,10|D|||(-) Outras Despesas Operacionais a. ||
|I200|999100000902|02022018|62,59|N||
|I990|718636|
|J001|0|
|J005|01012018|31122018|1||
|J100|TOTAL ATIVO|T|1||P|TOTAL ATIVO|7359356,13|D|22874975,87|D||
|J100|TOTAL PASSIVO/PL|T|1||P|TOTAL PASSIVO/PL|7359356,13|C|22874975,87|C||
|J100|ATIVO|D|2|TOTAL ATIVO|A|ATIVO|7359356,13|D|22874975,87|D||
|J100|PASSIVO|D|2|TOTAL PASSIVO/PL|P|PASSIVO|2204771,71|C|13238986,22|C||
|J100|RESULTADO|D|2|TOTAL PASSIVO/PL|P|RESULTADO|5154584,42|C|9635989,65|C||
|J900|TERMO DE ENCERRAMENTO|1|G - DIARIO GERAL|Ocean Network Express (Latin America)|718685|01012018|31122018|
|J930|ENDRE GYORGY PECH|23684368806|Administrador Judicial - Pessoa Jurídica - Profissional Responsável|222||endre_pech@hugoboss.com|01130705900||||N|
|J990|10|
|9001|0|
|9900|0000|1|
|9900|0001|1|
|9900|0007|1|
|9900|0150|0|
|9900|0180|0|
|9900|0990|1|
|9900|I001|1|
|9900|I010|1|
|9900|I030|1|
|9900|I050|235|
|9900|I051|0|
|9900|I052|183|
|9900|I075|0|
|9900|I100|6|
|9900|I150|12|
|9900|I155|1585|
|9900|I200|23997|
|9900|I250|692614|
|9900|I350|0|
|9900|I355|0|
|9900|I990|1|
|9900|J001|1|
|9900|J005|1|
|9900|J100|5|
|9900|J150|0|
|9900|J900|1|
|9900|J930|1|
|9900|J990|1|
|9900|9001|1|
|9900|9900|32|
|9900|9990|1|
|9900|9999|1|
|9990|35|
|9999|718685|